@article{Marjanovi2011Landslide,
  title={Landslide susceptibility assessment using SVM machine learning algorithm},
  author={Marjanović, Miloš and Kovačević, Miloš and Bajat, Branislav and Voženílek, Vít},
  journal={Engineering Geology},
  volume={123},
  number={3},
  pages={225-234},
  year={2011},
}
@article{Ermini2005Artificial,
	title={Artificial Neural Networks applied to landslide susceptibility assessment},
	author={Ermini, Leonardo and Catani, Filippo and Casagli, Nicola},
	journal={Geomorphology},
	volume={66},
	number={1},
	pages={327-343},
	year={2005},
}

@article{Pourghasemi2012Application,
title={Application of fuzzy logic and analytical hierarchy process (AHP) to landslide susceptibility mapping at Haraz watershed, Iran},
author={Pourghasemi, Hamid Reza and Pradhan, Biswajeet},
journal={Natural Hazards},
volume={63},
number={2},
pages={965-996},
year={2012},
}

@article{xiao2018landslide,
	title={Landslide susceptibility assessment using integrated deep learning algorithm along the china-nepal highway},
	author={Xiao, Liming and Zhang, Yonghong and Peng, Gongzhuang},
	journal={Sensors},
	volume={18},
	number={12},
	pages={4436},
	year={2018},
	publisher={Multidisciplinary Digital Publishing Institute}
}

@article{Yeon2010Landslide,
	title={Landslide susceptibility mapping in Injae, Korea, using a decision tree},
	author={Yeon, Young Kwang and Han, Jong Gyu and Ryu, Keun Ho},
	journal={Engineering Geology},
	volume={116},
	number={3},
	pages={274-283},
	year={2010},
}

@article{孙会君2001应用人工神经网络确定评价指标的权重,
	title={应用人工神经网络确定评价指标的权重},
	author={孙会君 and 王新华},
	journal={山东科技大学学报(自然科学版)},
	volume={20},
	number={3},
	pages={84-86},
	year={2001},
}
@article{maaten2008visualizing,
	title={Visualizing data using t-SNE},
	author={Maaten, Laurens van der and Hinton, Geoffrey},
	journal={Journal of machine learning research},
	volume={9},
	number={Nov},
	pages={2579--2605},
	year={2008}
}
@article{krishna1999genetic,
	title={Genetic K-means algorithm},
	author={Krishna, K and Murty, Narasimha M},
	journal={IEEE Transactions on Systems Man And Cybernetics-Part B: Cybernetics},
	volume={29},
	number={3},
	pages={433--439},
	year={1999},
	publisher={IEEE}
}
@inproceedings{rasmussen2000infinite,
	title={The infinite Gaussian mixture model},
	author={Rasmussen, Carl Edward},
	booktitle={Advances in neural information processing systems},
	pages={554--560},
	year={2000}
}
@article{bond2001gmm,
	title={GMM estimation of empirical growth models},
	author={Bond, Stephen R and Hoeffler, Anke and Temple, Jonathan RW},
	year={2001},
	publisher={CEPR discussion paper}
}
@article{姚鑫2009四川汶川,
	title={四川汶川 Ms8 级地震引发的滑坡与地层岩性, 坡度的相关性},
	author={姚鑫 and 许冲 and 戴福初 and 张永双},
	journal={地质通报},
	number={8},
	year={2009}
}
@article{张继淹2002广西地质构造稳定性分析与评价,
	title={广西地质构造稳定性分析与评价},
	author={张继淹},
	journal={南方国土资源},
	volume={15},
	number={3},
	pages={1-7},
	year={2002},
}
@article{wang2007analysis,
	title={Analysis of a spatial distribution of landslides triggered by the 2004 Chuetsu earthquakes of Niigata Prefecture, Japan},
	author={Wang, HB and Sassa, Kyoji and Xu, WY},
	journal={Natural Hazards},
	volume={41},
	number={1},
	pages={43},
	year={2007},
	publisher={Springer}
}