@article{Hayes2008Cloud,
	title={Cloud computing},
	author={Hayes, Brian},
	journal={Communications of the Acm},
	volume={51},
	number={7},
	pages={9-11},
	year={2008},
}